<?xml version="1.0" encoding="UTF-8"?><collection xmlns="http://www.loc.gov/MARC21/slim"><record><leader>00374nam--2200157-u-4500</leader><controlfield tag="001">000052186</controlfield><controlfield tag="002">20161230</controlfield><controlfield tag="005">20161230201050</controlfield><controlfield tag="008">100511s1000------------r-----000-0-eng-d</controlfield><datafield ind1=" " ind2=" " tag="040"><subfield code="a">IFIN-HH</subfield></datafield><datafield ind1="1" ind2=" " tag="100"><subfield code="a">Balescu, Radu</subfield></datafield><datafield ind1="1" ind2=" " tag="245"><subfield code="a">Statistical Dynamics</subfield></datafield><datafield ind1=" " ind2=" " tag="260"><subfield code="a">London</subfield><subfield code="b">Imperial College Press</subfield></datafield><datafield ind1=" " ind2=" " tag="300"><subfield code="a">330 p</subfield></datafield><datafield ind1=" " ind2=" " tag="852"><subfield code="a">81898</subfield><subfield code="c">531</subfield></datafield><datafield ind1=" " ind2=" " tag="CAT"><subfield code="a">Sys</subfield><subfield code="c">20100511</subfield><subfield code="h">093710</subfield></datafield></record></collection>